<record><leader>00000cas a2200000 a 4500</leader><controlfield tag="001">9160152</controlfield><controlfield tag="008">830125d18371843iluwr ne      0   a0eng  </controlfield><datafield ind1=" " ind2=" " tag="010"><subfield code="a">sn 82016094 </subfield></datafield><datafield ind1=" " ind2=" " tag="040"><subfield code="a">DLC</subfield><subfield code="b">eng</subfield><subfield code="c">DLC</subfield><subfield code="d">NPV</subfield><subfield code="d">NPX</subfield><subfield code="d">NPV</subfield><subfield code="d">DLC</subfield><subfield code="d">YOX</subfield><subfield code="d">NVF</subfield><subfield code="d">CVF</subfield><subfield code="d">OCL</subfield><subfield code="d">CVF</subfield><subfield code="d">NVF</subfield><subfield code="d">OCLCQ</subfield><subfield code="d">NVF</subfield><subfield code="d">DLC</subfield><subfield code="d">KRTAS</subfield><subfield code="d">NVF</subfield><subfield code="d">OCLCF</subfield><subfield code="d">NVF</subfield></datafield><datafield ind1=" " ind2=" " tag="042"><subfield code="a">pcc</subfield></datafield><datafield ind1=" " ind2=" " tag="043"><subfield code="a">n-us-il</subfield></datafield><datafield ind1="0" ind2="0" tag="050"><subfield code="a">Newspaper 7677</subfield></datafield><datafield ind1="0" ind2="0" tag="245"><subfield code="a">Peoria register and north-western gazetteer.</subfield></datafield><datafield ind1="1" ind2="3" tag="246"><subfield code="a">Peoria register</subfield></datafield><datafield ind1="1" ind2="3" tag="246"><subfield code="a">North-western gazetteer</subfield></datafield><datafield ind1="3" ind2=" " tag="246"><subfield code="a">Northwestern gazetteer</subfield></datafield><datafield ind1="3" ind2=" " tag="246"><subfield code="a">Peoria register and northwestern gazetteer</subfield></datafield><datafield ind1=" " ind2=" " tag="260"><subfield code="a">Peoria, Ill. :</subfield><subfield code="b">Samuel H. Davis,</subfield><subfield code="c">1837-1843.</subfield></datafield><datafield ind1="3" ind2=" " tag="260"><subfield code="3">Sept. 30, 1842-Mar. 24, 1843</subfield><subfield code="a">Peoria, Ill. :</subfield><subfield code="b">William H. and Samuel G. Butler</subfield></datafield><datafield ind1=" " ind2=" " tag="300"><subfield code="a">v.</subfield></datafield><datafield ind1=" " ind2=" " tag="310"><subfield code="a">Weekly</subfield></datafield><datafield ind1="1" ind2=" " tag="362"><subfield code="a">Began in 1837.</subfield></datafield><datafield ind1="0" ind2=" " tag="362"><subfield code="a">-v. 6, no. 52 (Mar. 24, 1843).</subfield></datafield><datafield ind1=" " ind2=" " tag="530"><subfield code="a">Available on microfilm;</subfield><subfield code="b">Library of Congress, Photoduplication Service.</subfield></datafield><datafield ind1=" " ind2=" " tag="588"><subfield code="a">Description based on: Vol. 1, no. 7 (May 13, 1837).</subfield></datafield><datafield ind1=" " ind2="0" tag="651"><subfield code="a">Peoria (Ill.)</subfield><subfield code="v">Newspapers.</subfield></datafield><datafield ind1=" " ind2="7" tag="651"><subfield code="a">Illinois</subfield><subfield code="z">Peoria.</subfield><subfield code="2">fast</subfield><subfield code="0">(OCoLC)fst01206107</subfield></datafield><datafield ind1=" " ind2="7" tag="655"><subfield code="a">Newspapers.</subfield><subfield code="2">fast</subfield><subfield code="0">(OCoLC)fst01423814</subfield></datafield><datafield ind1=" " ind2=" " tag="752"><subfield code="a">United States</subfield><subfield code="b">Illinois</subfield><subfield code="c">Peoria County</subfield><subfield code="d">Peoria.</subfield></datafield><datafield ind1="0" ind2="0" tag="785"><subfield code="t">Peoria register</subfield><subfield code="w">(DLC)sn 82016093</subfield><subfield code="w">(OCoLC)9160099</subfield></datafield><datafield ind1=" " ind2=" " tag="938"><subfield code="a">Kirtas Technologies, Inc.</subfield><subfield code="b">KRTS</subfield><subfield code="n">736142</subfield></datafield><datafield ind1="1" ind2=" " tag="029"><subfield code="a">AU@</subfield><subfield code="b">000041033998</subfield></datafield></record>